@book{haykin2001redes,
  title={Redes neurais: princ{\'\i}pios e pr{\'a}tica},
  author={Haykin, Simon},
  year={2001},
  publisher={Bookman Editora}
}
@article{barreto2002,
  title={Introdu{\c{c}}aoas redes neurais artificiais},
  author={Barreto, Jorge M},
  journal={V Escola Regional de Inform{\'a}tica. Sociedade Brasileira de Computa{\c{c}}ao, Regional Sul, Santa Maria, Florian{\'o}polis, Maring{\'a}},
  pages={5--10},
  year={2002}
}

@book{braga2000redes,
  title={Redes neurais artificiais: teoria e aplica{\c{c}}{\~o}es},
  author={Braga, A de P and Carvalho, APLF and Ludermir, Teresa Bernarda},
  year={2000},
  publisher={Livros T{\'e}cnicos e Cient{\'\i}ficos Rio de Janeiro}
}